<?xml version="1.0" encoding="UTF-8"?><collection xmlns="http://www.loc.gov/MARC21/slim"><record><leader>00438nam--2200133-i-4500</leader><controlfield tag="001">000041315</controlfield><controlfield tag="002">20161230</controlfield><controlfield tag="005">20161230201043</controlfield><controlfield tag="008">060222s1000------------r-----000-0-eng-d</controlfield><datafield ind1=" " ind2=" " tag="080"><subfield code="a">548</subfield></datafield><datafield ind1=" " ind2=" " tag="100"><subfield code="a">Sevely,Jean</subfield></datafield><datafield ind1=" " ind2=" " tag="245"><subfield code="a">Etude par la methode photographique du contraste dans les diagrammes de debye-schrrer en diffraction electronique. theser</subfield></datafield><datafield ind1=" " ind2=" " tag="260"><subfield code="a">Toulouse, Faculte De Sciences De L`Unim.De Toulouse, 1969. 162 P</subfield></datafield><datafield ind1=" " ind2=" " tag="852"><subfield code="a">34730</subfield></datafield></record></collection>